<?xml version="1.0" encoding="UTF-8"?><collection xmlns="http://www.loc.gov/MARC21/slim"><record><leader>00370nam--2200133-i-4500</leader><controlfield tag="001">000006563</controlfield><controlfield tag="002">20161230</controlfield><controlfield tag="005">20161230201026</controlfield><controlfield tag="008">060222s1000------------r-----000-0-eng-d</controlfield><datafield ind1=" " ind2=" " tag="100"><subfield code="a">Dawson, J.K.And Sowden, R.G</subfield></datafield><datafield ind1=" " ind2=" " tag="245"><subfield code="a">Chemical aspects of nuclear reactors vol.1: gas-cooled reactors</subfield></datafield><datafield ind1=" " ind2=" " tag="260"><subfield code="a">London, Butterworths, 1963</subfield></datafield><datafield ind1=" " ind2=" " tag="490"><subfield code="a">Xv+268p</subfield></datafield><datafield ind1=" " ind2=" " tag="852"><subfield code="a">621.039.534.4</subfield></datafield></record></collection>